<?xml version="1.0" encoding="UTF-8"?><collection xmlns="http://www.loc.gov/MARC21/slim"><record><leader>00467nam--2200181-i-4500</leader><controlfield tag="001">000045601</controlfield><controlfield tag="002">20161230</controlfield><controlfield tag="005">20161230201045</controlfield><controlfield tag="008">060222s1000------------r-----000-0-eng-d</controlfield><datafield ind1=" " ind2=" " tag="020"><subfield code="a">0198515081</subfield></datafield><datafield ind1=" " ind2=" " tag="040"><subfield code="a">IFIN-HH</subfield></datafield><datafield ind1=" " ind2=" " tag="080"><subfield code="a">539.142.2</subfield></datafield><datafield ind1="1" ind2=" " tag="100"><subfield code="a">Towner, I.S</subfield></datafield><datafield ind1="1" ind2="0" tag="245"><subfield code="a">A shell model description of light nuclei</subfield><subfield code="c">I.s. rowner</subfield></datafield><datafield ind1=" " ind2=" " tag="260"><subfield code="a">Oxford</subfield><subfield code="b">Clarendon Press</subfield><subfield code="c">1977</subfield></datafield><datafield ind1=" " ind2=" " tag="300"><subfield code="a">VIII + 383P</subfield></datafield><datafield ind1=" " ind2=" " tag="852"><subfield code="a">45973</subfield><subfield code="c">539.14</subfield></datafield><datafield ind1=" " ind2=" " tag="CAT"><subfield code="a">Sys</subfield><subfield code="c">20120403</subfield><subfield code="h">151210</subfield></datafield></record></collection>